<?xml version="1.0" encoding="UTF-8"?><collection xmlns="http://www.loc.gov/MARC21/slim"><record><leader>00370nam--2200121-i-4500</leader><controlfield tag="001">000047409</controlfield><controlfield tag="002">20161230</controlfield><controlfield tag="005">20161230201046</controlfield><controlfield tag="008">060222s1000------------r-----000-0-eng-d</controlfield><datafield ind1=" " ind2=" " tag="100"><subfield code="a">Westphal, Wilhelm H</subfield></datafield><datafield ind1=" " ind2=" " tag="245"><subfield code="a">Kleines lehrbuch der physik, ohne anwendung hoherer mathematik. 2-te verbesserteauflage</subfield></datafield><datafield ind1=" " ind2=" " tag="260"><subfield code="a">Berlin, Springer Verlag, 1953, Viii + 263p</subfield></datafield><datafield ind1=" " ind2=" " tag="852"><subfield code="a">10035</subfield></datafield></record></collection>